<marc:record><marc:controlfield tag="001">1</marc:controlfield><marc:datafield tag="020" ind1=" " ind2=" "><marc:subfield code="a">9780977920150</marc:subfield></marc:datafield><marc:datafield tag="100" ind1=" " ind2=" "><marc:subfield code="a">chromatic</marc:subfield></marc:datafield><marc:datafield tag="245" ind1=" " ind2=" "><marc:subfield code="a">Modern Perl</marc:subfield><marc:subfield code="b">Take control of your programming with Modern Perl</marc:subfield></marc:datafield><marc:datafield tag="952" ind1=" " ind2=" "><marc:subfield code="a">MYLIB</marc:subfield><marc:subfield code="b">MYLIB</marc:subfield></marc:datafield><marc:datafield tag="952" ind1=" " ind2=" "><marc:subfield code="a">MYLIB</marc:subfield><marc:subfield code="b">MYLIB</marc:subfield></marc:datafield></marc:record></marc:collection>